<?xml version="1.0" encoding="UTF-8"?>
<record xmlns="http://www.loc.gov/MARC21/slim" xmlns:xsi="http://www.w3.org/2001/XMLSchema-instance" xsi:schemaLocation="http://www.loc.gov/MARC21/slim http://www.loc.gov/standards/marcxml/schema/MARC21slim.xsd">
<leader>00000cam a22      a 4500</leader>
<controlfield tag="001">002803209</controlfield>
<controlfield tag="003">NNU</controlfield>
<controlfield tag="005">20150622180825.0</controlfield>
<controlfield tag="008">060209s1961    ir            000 0 ara d</controlfield>
<datafield tag="035" ind1=" " ind2=" ">
<subfield code="a">(OCoLC)70243191</subfield>
</datafield>
<datafield tag="040" ind1=" " ind2=" ">
<subfield code="a">NN</subfield>
<subfield code="b">eng</subfield>
<subfield code="c">STF</subfield>
<subfield code="d">LGG</subfield>
<subfield code="d">OCLCF</subfield>
<subfield code="d">OCLCO</subfield>
<subfield code="d">OCLCQ</subfield>
<subfield code="d">NNU</subfield>
</datafield>
<datafield tag="050" ind1=" " ind2="4">
<subfield code="a">BP189</subfield>
<subfield code="b">.H25 1961</subfield>
</datafield>
<datafield tag="100" ind1="1" ind2=" ">
<subfield code="6">880-01</subfield>
<subfield code="a">Ḥakīm, Muḥammad ʻAlī.</subfield>
</datafield>
<datafield tag="245" ind1="1" ind2="0">
<subfield code="6">880-02</subfield>
<subfield code="a">Laṭāʼif al-irfān :</subfield>
<subfield code="b">az durūs-i dawrah-ʼi dukturá-yi Dānishkadah-ʼi ʻUlūm-i Maʻqūl va Manqūl /</subfield>
<subfield code="c">taʼlīf-i Muḥammad ʻAlī Ḥakīm.</subfield>
</datafield>
<datafield tag="260" ind1=" " ind2=" ">
<subfield code="6">880-03</subfield>
<subfield code="a">Tihrān :</subfield>
<subfield code="b">Dānishgāh-i Tihrān, Dānishkadah-ʼi ʻUlūm-i Maʻqūl va Manqūl,</subfield>
<subfield code="c">1340 [1962]</subfield>
</datafield>
<datafield tag="300" ind1=" " ind2=" ">
<subfield code="a">328, 8 pages ;</subfield>
<subfield code="c">25 cm</subfield>
</datafield>
<datafield tag="336" ind1=" " ind2=" ">
<subfield code="a">text</subfield>
<subfield code="b">txt</subfield>
<subfield code="2">rdacontent</subfield>
</datafield>
<datafield tag="337" ind1=" " ind2=" ">
<subfield code="a">unmediated</subfield>
<subfield code="b">n</subfield>
<subfield code="2">rdamedia</subfield>
</datafield>
<datafield tag="338" ind1=" " ind2=" ">
<subfield code="a">volume</subfield>
<subfield code="b">nc</subfield>
<subfield code="2">rdacarrier</subfield>
</datafield>
<datafield tag="500" ind1=" " ind2=" ">
<subfield code="a">In Arabic.</subfield>
</datafield>
<datafield tag="650" ind1=" " ind2="0">
<subfield code="a">Sufism.</subfield>
</datafield>
<datafield tag="650" ind1=" " ind2="7">
<subfield code="a">Sufism.</subfield>
<subfield code="2">fast</subfield>
<subfield code="0">(OCoLC)fst01137257</subfield>
</datafield>
<datafield tag="776" ind1="0" ind2="8">
<subfield code="i">Online version:</subfield>
<subfield code="a">Ḥakīm, Muḥammad ʻAlī.</subfield>
<subfield code="t">Laṭāʼif al-irfān.</subfield>
<subfield code="d">Tihrān : Dānishgāh-i Tihrān, Dānishkadah-ʼi ʻUlūm-i Maʻqūl va Manqūl, 1340 [1962]</subfield>
<subfield code="w">(OCoLC)654727344</subfield>
</datafield>
<datafield tag="880" ind1="1" ind2=" ">
<subfield code="6">100-01/</subfield>
<subfield code="a">‏حكيم، محمدعلى.</subfield>
</datafield>
<datafield tag="880" ind1="1" ind2="0">
<subfield code="6">245-02/</subfield>
<subfield code="a">‏لطائف العرفان :‏</subfield>
<subfield code="b">‏‏از دروس دورۀ دكترى ‏دانشكده علوم معقول ومنقول /‏</subfield>
<subfield code="c">‏تأليف محمدعلى حكيم.</subfield>
</datafield>
<datafield tag="880" ind1=" " ind2=" ">
<subfield code="6">260-03/</subfield>
<subfield code="7">تهران :‏</subfield>
<subfield code="b">‏انشگاه تهران، دانشكده علوم معقول ومنقول،‏</subfield>
<subfield code="c">1340 [1962]</subfield>
</datafield>
<datafield tag="OWN" ind1=" " ind2=" ">
<subfield code="a">GENERAL</subfield>
</datafield>
<datafield tag="AVA" ind1=" " ind2=" ">
<subfield code="a">NYU50</subfield>
<subfield code="b">BOBST</subfield>
<subfield code="c">Main Collection</subfield>
<subfield code="d">BP189 .H3 1962</subfield>
<subfield code="e">unavailable</subfield>
<subfield code="t">Unavailable</subfield>
<subfield code="f">1</subfield>
<subfield code="g">1</subfield>
<subfield code="h">N</subfield>
<subfield code="i">0</subfield>
<subfield code="j">MAIN</subfield>
<subfield code="k">0</subfield>
</datafield>
</record>
